<record><leader>00000cas a22000007a 4500</leader><controlfield tag="001">12741438</controlfield><controlfield tag="008">851031d190u1921inuwr ne      0    0eng d</controlfield><datafield ind1=" " ind2=" " tag="010"><subfield code="a">sn 85048094 </subfield></datafield><datafield ind1=" " ind2=" " tag="040"><subfield code="a">NPI</subfield><subfield code="b">eng</subfield><subfield code="c">NPI</subfield><subfield code="d">OCLCQ</subfield></datafield><datafield ind1=" " ind2=" " tag="042"><subfield code="a">msc</subfield></datafield><datafield ind1="0" ind2=" " tag="130"><subfield code="a">Clark County Republican (Jeffersonville, Ind. : 1902)</subfield></datafield><datafield ind1="1" ind2="0" tag="245"><subfield code="a">Clark County Republican.</subfield></datafield><datafield ind1=" " ind2=" " tag="260"><subfield code="a">Jeffersonville, Ind. :</subfield><subfield code="b">Jeffersonville Print. Co.</subfield></datafield><datafield ind1=" " ind2=" " tag="310"><subfield code="a">Weekly</subfield></datafield><datafield ind1="1" ind2=" " tag="362"><subfield code="a">Ceased in 1921.</subfield></datafield><datafield ind1=" " ind2=" " tag="500"><subfield code="a">Established by W.E. Robinson.</subfield></datafield><datafield ind1=" " ind2=" " tag="500"><subfield code="a">Published from 1902? to 1903 in Charlestown, Ind.</subfield></datafield><datafield ind1=" " ind2=" " tag="580"><subfield code="a">Published also 1903-1921 in a daily edition called: Jeffersonville star.</subfield></datafield><datafield ind1=" " ind2=" " tag="588"><subfield code="a">Description based on: Vol. 8, no. 47 (Oct. 23, 1902).</subfield></datafield><datafield ind1=" " ind2=" " tag="752"><subfield code="a">United States</subfield><subfield code="b">Indiana</subfield><subfield code="c">Clark</subfield><subfield code="d">Charlestown.</subfield></datafield><datafield ind1=" " ind2=" " tag="752"><subfield code="a">United States</subfield><subfield code="b">Indiana</subfield><subfield code="c">Clark</subfield><subfield code="d">Jeffersonville.</subfield></datafield><datafield ind1="1" ind2=" " tag="775"><subfield code="t">Jeffersonville star</subfield><subfield code="w">(DLC)sn 85048095</subfield></datafield><datafield ind1="0" ind2="0" tag="780"><subfield code="t">Charlestown hustler</subfield><subfield code="w">(DLC)sn 85048093</subfield></datafield></record>